
@article{pierazzo_rationale_2011,
	title = {A rationale of digital documentary editions},
	volume = {26},
	issn = {0268-1145, 1477-4615},
	url = {https://academic.oup.com/dsh/article-lookup/doi/10.1093/llc/fqr033},
	doi = {10.1093/llc/fqr033},
	abstract = {Publishing the diplomatic edition of a document on the web instead of in print implies a series of methodological and practical changes in the nature of the published text and in the operations to be performed by the editors. For print the choice of which features to include in the transcription is limited largely by the limits of the publishing technology. In contrast, the digital medium has proved to be much more permissive and so editors need new scholarly guidelines to establish “where to stop”. This article discusses a list of criteria and parameters for choosing which features to include in transcriptions. It also sketches the theoretical implications which result from the change of medium and technology. It is argued that the very definition of “diplomatic edition” needs to be substantially revised if the edition is published on the web. Even more importantly, the discussion argues for the existence of a new editorial object which is generated by the changed conditions: a new publication form called the “digital documentary edition” which is composed of the source, the outputs and the tools able to produce and display them.},
	pages = {463--477},
	number = {4},
	journaltitle = {Literary and Linguistic Computing},
	shortjournal = {Literary and Linguistic Computing},
	author = {Pierazzo, E.},
	urldate = {2023-07-08},
	date = {2011-12-01},
	langid = {english},
	file = {A_rationale_of_digital_documentary_editions.pdf:/home/nguyen-maeva/Documents/M2TNAH/stages/biblio/A_rationale_of_digital_documentary_editions.pdf:application/pdf},
        keywords = {edition}
}
@incollection{constant_codes_2020,
	location = {Paris},
	title = {Codes et ouvrages juridiques en Chine},
	rights = {https://www.openedition.org/12554},
	isbn = {978-2-85831-345-7},
	url = {http://books.openedition.org/pressesinalco/23280},
	series = {{TransAireS}},
	abstract = {Chinese civilization has produced a large amount of legal work, among which codes occupy a central place. China has a solid tradition of legal codification, statutes being the main source of law. Codes are a means to legitimate power, and are evidence of an efficient government that relies on a rationalized legal system. Codes are also the result of efforts made by generations of jurists to systematize the law. Other works have both been in line with the code and within the larger ambit of the magistrate handbooks. These works could be commentaries, guidelines for the implementation of the code or anthologies of judgements. If the authors’ concerns were sometimes more moral or literary than legal, the unity of these works grounded them in a common and masterful use of legal sources.,La civilisation chinoise a produit un nombre important d’ouvrages juridiques, parmi lesquels les codes occupent une place centrale. La Chine dispose d’une solide tradition de codification du droit, les lois étant la principale source du droit. Les codes étaient à la fois un instrument de légitimation du pouvoir, le témoin d’un gouvernement efficace reposant sur un système juridique rationalisé et le fruit d’un effort de systématisation du droit entrepris par des générations de juristes. Les autres ouvrages se situaient souvent dans le prolongement du code et dans le cadre plus général des manuels pour fonctionnaires. Il pouvait s’agir de commentaires, de guides dans l’application du code ou encore d’anthologies de jugements. Si les préoccupations poursuivies par les auteurs étaient parfois davantage morales ou littéraires que juridiques, l’unité de ces ouvrages était fondée sur un même usage maîtrisé des sources du droit.},
	pages = {307--314},
	booktitle = {Encyclopédie des historiographies : Afriques, Amériques, Asies : Volume 1 : sources et genres historiques (Tome 1 et Tome 2)},
	publisher = {Presses de l’Inalco},
	author = {Constant, Frédéric},
	editor = {Kouamé, Nathalie and Meyer, Éric P. and Viguier, Anne},
	urldate = {2023-05-25},
	date = {2020-04-28},
	langid = {french},
	doi = {10.4000/books.pressesinalco.23280},
	note = {Code: Encyclopédie des historiographies : Afriques, Amériques, Asies : Volume 1 : sources et genres historiques (Tome 1 et Tome 2)},
	keywords = {histoire},
}

@book{law_in_imperial_china,
    author = {Bodde, Derk and Morris, Clarence},
    title = {Law in Imperial China},
    publisher = {University of Pennsylvania Press} ,
    year = {1967} ,
    keywords = {histoire}
}

